<record><leader>00000cas a2200000 a 4500</leader><controlfield tag="001">12309198</controlfield><controlfield tag="008">850726d18uu186umiuwr ne      0    0eng c</controlfield><datafield ind1=" " ind2=" " tag="010"><subfield code="a">sn 85026634 </subfield></datafield><datafield ind1=" " ind2=" " tag="040"><subfield code="a">NPX</subfield><subfield code="b">eng</subfield><subfield code="c">NPX</subfield><subfield code="d">MHN</subfield><subfield code="d">OCL</subfield><subfield code="d">NVF</subfield><subfield code="d">OCL</subfield><subfield code="d">OCLCQ</subfield><subfield code="d">OCLCF</subfield><subfield code="d">OCLCO</subfield></datafield><datafield ind1=" " ind2=" " tag="042"><subfield code="a">pcc</subfield></datafield><datafield ind1=" " ind2=" " tag="043"><subfield code="a">n-us-mi</subfield></datafield><datafield ind1="0" ind2="4" tag="245"><subfield code="a">The Adrian expositor.</subfield></datafield><datafield ind1=" " ind2=" " tag="250"><subfield code="a">Weekly ed.</subfield></datafield><datafield ind1=" " ind2=" " tag="260"><subfield code="a">Adrian [Mich.] :</subfield><subfield code="b">Page &amp; Bonner</subfield></datafield><datafield ind1=" " ind2=" " tag="300"><subfield code="a">v.</subfield></datafield><datafield ind1=" " ind2=" " tag="310"><subfield code="a">Weekly</subfield></datafield><datafield ind1=" " ind2=" " tag="580"><subfield code="a">Daily eds.: Adrian evening expositor, and: Adrian daily expositor.</subfield></datafield><datafield ind1=" " ind2=" " tag="588"><subfield code="a">Description based on: Vol. 24, no. 8 (Feb. 17, 1866).</subfield></datafield><datafield ind1=" " ind2="0" tag="651"><subfield code="a">Adrian (Mich.)</subfield><subfield code="v">Newspapers.</subfield></datafield><datafield ind1=" " ind2="0" tag="651"><subfield code="a">Lenawee County (Mich.)</subfield><subfield code="v">Newspapers.</subfield></datafield><datafield ind1=" " ind2="7" tag="655"><subfield code="a">Newspapers.</subfield><subfield code="2">fast</subfield><subfield code="0">(OCoLC)fst01423814</subfield></datafield><datafield ind1=" " ind2="7" tag="651"><subfield code="a">Michigan</subfield><subfield code="z">Adrian.</subfield><subfield code="2">fast</subfield><subfield code="0">(OCoLC)fst01225781</subfield></datafield><datafield ind1=" " ind2="7" tag="651"><subfield code="a">Michigan</subfield><subfield code="z">Lenawee County.</subfield><subfield code="2">fast</subfield><subfield code="0">(OCoLC)fst01211964</subfield></datafield><datafield ind1=" " ind2=" " tag="752"><subfield code="a">United States</subfield><subfield code="b">Michigan</subfield><subfield code="c">Lenawee</subfield><subfield code="d">Adrian.</subfield></datafield><datafield ind1="1" ind2=" " tag="775"><subfield code="t">Adrian evening expositor</subfield><subfield code="w">(DLC)sn 83016166</subfield><subfield code="w">(OCoLC)9500659</subfield></datafield><datafield ind1="1" ind2=" " tag="775"><subfield code="t">Adrian daily expositor</subfield><subfield code="w">(DLC)sn 95077569</subfield><subfield code="w">(OCoLC)33965459</subfield></datafield><datafield ind1="0" ind2="0" tag="780"><subfield code="t">Michigan expositor</subfield><subfield code="w">(DLC)sn 83016165</subfield><subfield code="w">(OCoLC)9500610</subfield></datafield><datafield ind1="0" ind2="7" tag="785"><subfield code="t">Adrian weekly times</subfield><subfield code="w">(DLC)sn 95077568</subfield><subfield code="w">(OCoLC)33965486</subfield></datafield><datafield ind1="0" ind2="7" tag="785"><subfield code="t">Adrian weekly times. And expositor</subfield><subfield code="w">(DLC)sn 85026635</subfield><subfield code="w">(OCoLC)12309363</subfield></datafield></record>